@book{Oo2020,
  title     = "A Beginner Guide to Research Data collection using EpiData",
  author    = "Oo, Myo Minn",
  year      = 2020,
  publisher = "Amazon Self-Publishing",
  address   = "https://www.amazon.com/Beginner-Guide-Research-collection-EpiData/dp/B08F7M67QP"
}